@article{boccaletti2014structure,
  title={The structure and dynamics of multilayer networks},
  author={Boccaletti, Stefano and Bianconi, Ginestra and Criado, Regino and Del Genio, Charo I and G{\'o}mez-Gardenes, Jes{\'u}s and Romance, Miguel and Sendina-Nadal, Irene and Wang, Zhen and Zanin, Massimiliano},
  journal={Physics reports},
  volume={544},
  number={1},
  pages={1--122},
  year={2014},
  publisher={Elsevier}
}
@article{chassignet2007hycom,
  title={The {HYCOM} (hybrid coordinate ocean model) data assimilative system},
  author={Chassignet, Eric P and Hurlburt, Harley E and Smedstad, Ole Martin and Halliwell, George R and Hogan, Patrick J and Wallcraft, Alan J and Baraille, Remy and Bleck, Rainer},
  journal={Journal of Marine Systems},
  volume={65},
  number={1-4},
  pages={60--83},
  year={2007},
  publisher={Elsevier}
}
@article{dobbelaere2020coupled,
  title={Coupled epidemio-hydrodynamic modeling to understand the spread of a deadly coral disease in {F}lorida},
  author={Dobbelaere, Thomas and Muller, Erinn M and Gramer, Lewis J and Holstein, Daniel M and Hanert, Emmanuel},
  journal={Frontiers in Marine Science},
  volume={7},
  pages={1016},
  year={2020},
  publisher={Frontiers}
}
@article{dobbelaere2022impacts,
	title={Impacts of {Hurricane Irma} (2017) on wave-induced ocean transport processes},
	author={Dobbelaere, Thomas and Curcic, Milan and Le H{\'e}naff, Matthieu and Hanert, Emmanuel},
	journal={Ocean Modelling},
	pages={101947},
	year={2022},
	publisher={Elsevier},
	doi={10.1016/j.ocemod.2022.101947}
}
@misc{frrp2021,
  author = {{FRRP}},
  year   = {2022},
  title  = {{Florida Reef Resilience Program Disturbance Response Monitoring 2021 Quick Look Report}},
  url    = {https://ocean.floridamarine.org/FRRP/TrainingDocs/2021%20DRM%20Summer%20Quick%20Look%20Report.pdf},
  note = {{Accesssed on July 21, 2023}}
}
@article{frys2020fine,
  title={Fine-scale coral connectivity pathways in the {F}lorida {R}eef {T}ract: {I}mplications for conservation and restoration},
  author={Frys, Charles and Saint-Amand, Antoine and Le H{\'e}naff, Matthieu and Figueiredo, Joana and Kuba, Alyson and Walker, Brian and Lambrechts, Jonathan and Vallaeys, Valentin and Vincent, David and Hanert, Emmanuel},
  journal={Frontiers in Marine Science},
  volume={7},
  pages={312},
  year={2020},
  publisher={Frontiers}
}
@article{fwc2017unified,
  title={Unified {R}eef {M}ap v2. 0},
  author={FWC-FWRI},
  year={2017},
  journal={FWC-FWRI (Florida Fish and Wildlife Conservation Commission-Fish and Wildlife Research Institute)}
}
@article{gardner2003long,
  title={Long-term region-wide declines in {C}aribbean corals},
  author={Gardner, Toby A and C{\^o}t{\'e}, Isabelle M and Gill, Jennifer A and Grant, Alastair and Watkinson, Andrew R},
  journal={{S}cience},
  volume={301},
  number={5635},
  pages={958--960},
  year={2003},
  publisher={American Association for the Advancement of Science}
}
@article{geuzaine2009gmsh,
  title={Gmsh: A {3-D} finite element mesh generator with built-in pre-and post-processing facilities},
  author={Geuzaine, Christophe and Remacle, Jean-Fran{\c{c}}ois},
  journal={International journal for numerical methods in engineering},
  volume={79},
  number={11},
  pages={1309--1331},
  year={2009},
  publisher={Wiley Online Library}
}
@misc{grove2022national,
  title={{National Coral Reef Monitoring Program, Biological Monitoring Summary - Florida: 2020--2021}},
  author={Grove, Laura Jay W and Blondeau, Jeremiah and Cain, Erin and Davis, Ian M and Edwards, Kimberly F and Groves, Sarah H and Hile, Sarah D and Langwiser, Caitlin and Siceloff, Laughlin and Swanson, Dione W and others},
  year={2022}
}
@article{jackson2014status,
  title={Status and trends of {C}aribbean coral reefs},
  author={Jackson, JBC and Donovan, MK and Cramer, KL and Lam, VV},
  journal={Global coral reef monitoring network, IUCN, Gland, Switzerland},
  pages={1970--2012},
  year={2014}
}
@article{king2023larval,
  title={Larval dispersal patterns and connectivity of Acropora on Floridaâ€™s Coral Reef and its implications for restoration},
  author={King, Samantha and Saint-Amand, Antoine and Walker, Brian K and Hanert, Emmanuel and Figueiredo, Joana},
  journal={Frontiers in Marine Science},
  volume={9},
  pages={1038463},
  year={2023},
  publisher={Frontiers}
}
@article{manzello2015rapid,
  title={Rapid recent warming of coral reefs in the Florida Keys},
  author={Manzello, Derek P},
  journal={Scientific reports},
  volume={5},
  number={1},
  pages={16762},
  year={2015},
  publisher={Nature Publishing Group UK London}
}
@article{meiling2021variable,
  title={Variable species responses to experimental stony coral tissue loss disease ({SCTLD}) exposure},
  author={Meiling, Sonora S and Muller, Erinn M and Lasseigne, Danielle and Rossin, Ashley and Veglia, Alex J and MacKnight, Nicholas and Dimos, Bradford and Huntley, Naomi and Correa, Adrienne and Smith, Tyler Burton and others},
  journal={Frontiers in Marine Science},
  volume={8},
  pages={464},
  year={2021},
  publisher={Frontiers}
}
@misc{noaa2018,
  author = {{NOAA}},
  year   = {2018},
  title  = {{S}tony {C}oral {T}issue {L}oss {D}isease {C}ase {D}efinition},
  url    = {https://nmsfloridakeys.blob.core.windows.net/floridakeys-prod/media/ docs/20181002-stony-coral-tissue-loss-disease-case-definition.pdf},
  note = {{Accesssed on June 4, 2020}}
}
@article{nuutila1994finding,
  title={On finding the strongly connected components in a directed graph},
  author={Nuutila, Esko and Soisalon-Soininen, Eljas},
  journal={Information processing letters},
  volume={49},
  number={1},
  pages={9--14},
  year={1994},
  publisher={Elsevier}
}
@article{precht2016unprecedented,
  title={Unprecedented disease-related coral mortality in {S}outheastern {F}lorida},
  author={Precht, William F and Gintert, Brooke E and Robbart, Martha L and Fura, Ryan and Van Woesik, Robert},
  journal={Scientific Reports},
  volume={6},
  number={1},
  pages={1--11},
  year={2016},
  publisher={Nature Publishing Group}
}
@article{saint2023biophysical,
  title={Biophysical models resolution affects coral connectivity estimates},
  author={Saint-Amand, Antoine and Lambrechts, Jonathan and Hanert, Emmanuel},
  journal={Scientific Reports},
  volume={13},
  number={1},
  pages={9414},
  year={2023},
  publisher={Nature Publishing Group UK London}
}
@article{thomas2014numerical,
  title={Numerical modelling and graph theory tools to study ecological connectivity in the {G}reat {B}arrier {R}eef},
  author={Thomas, Christopher J and Lambrechts, Jonathan and Wolanski, Eric and Traag, Vincent A and Blondel, Vincent D and Deleersnijder, Eric and Hanert, Emmanuel},
  journal={Ecological Modelling},
  volume={272},
  pages={160--174},
  year={2014},
  publisher={Elsevier}
}
@article{walton2018impacts,
  title={Impacts of a regional, multi-year, multi-species coral disease outbreak in {Southeast Florida}},
  author={Walton, Charles J and Hayes, Nicole K and Gilliam, David S},
  journal={Frontiers in Marine Science},
  volume={5},
  pages={323},
  year={2018},
  publisher={Frontiers}
}
@article{williams2021fine,
  title={Fine scale temporal and spatial dynamics of the stony coral tissue loss disease outbreak within the lower {F}lorida {K}eys},
  author={Williams, Sara D and Walter, Cory S and Muller, Erinn M},
  journal={Frontiers in Marine Science},
  year={2021},
  publisher={Frontiers Research Foundation}
}